<?xml version="1.0" encoding="UTF-8"?><collection xmlns="http://www.loc.gov/MARC21/slim"><record><leader>00638nam--2200193-i-4500</leader><controlfield tag="001">000037957</controlfield><controlfield tag="002">20161230</controlfield><controlfield tag="005">20161230201041</controlfield><controlfield tag="008">060222s1000------------r-----000-0-eng-d</controlfield><datafield ind1=" " ind2=" " tag="020"><subfield code="a">9971501171</subfield></datafield><datafield ind1=" " ind2=" " tag="040"><subfield code="a">IFIN-HH</subfield></datafield><datafield ind1=" " ind2=" " tag="080"><subfield code="a">530.12/145(061.3)</subfield></datafield><datafield ind1="1" ind2=" " tag="100"><subfield code="a">Ishikawa, K./S.A.</subfield></datafield><datafield ind1="1" ind2="0" tag="245"><subfield code="a">Rationale of beings</subfield><subfield code="b">Recent developments in particle, nuclear and general physics. festchrist in honor of gyo takeda</subfield><subfield code="c">K. ishikawa, y. kawazoe, h. matsuzaki, k. takahashi (eds.)</subfield></datafield><datafield ind1=" " ind2=" " tag="260"><subfield code="a">Singapore</subfield><subfield code="b">World Scientific</subfield><subfield code="c">1986</subfield></datafield><datafield ind1=" " ind2=" " tag="300"><subfield code="a">XV + 309P</subfield></datafield><datafield ind1="1" ind2=" " tag="700"><subfield code="a">Takahashi, K</subfield><subfield code="e">Ed</subfield></datafield><datafield ind1=" " ind2=" " tag="852"><subfield code="a">79149</subfield><subfield code="c">539.12</subfield></datafield><datafield ind1=" " ind2=" " tag="CAT"><subfield code="a">Sys</subfield><subfield code="c">20120131</subfield><subfield code="h">092536</subfield></datafield></record></collection>